@inproceedings{Sinha2010,
    title = {Human Computer Interaction},
    url = {http://dx.doi.org/10.1109/ICETET.2010.85},
    DOI = {10.1109/icetet.2010.85},
    booktitle = {2010 3rd International Conference on Emerging Trends in Engineering and Technology},
    publisher = {IEEE},
    author = {Sinha,  G and Shahi,  R and Shankar,  M},
    year = {2010},
    month = nov
}

@inbook{Poole2006,
    title = {Eye Tracking in HCI and Usability Research},
    url = {http://dx.doi.org/10.4018/978-1-59140-562-7.ch034},
    DOI = {10.4018/978-1-59140-562-7.ch034},
    booktitle = {Encyclopedia of Human Computer Interaction},
    publisher = {IGI Global},
    author = {Poole,  Alex and Ball,  Linden J.},
    year = {2006},
    pages = {211–219}
}

@article{Sarma2021,
    title = {Methods,  Databases and Recent Advancement of Vision-Based Hand Gesture Recognition for HCI Systems: A Review},
    volume = {2},
    ISSN = {2661-8907},
    url = {http://dx.doi.org/10.1007/s42979-021-00827-x},
    DOI = {10.1007/s42979-021-00827-x},
    number = {6},
    journal = {SN Computer Science},
    publisher = {Springer Science and Business Media LLC},
    author = {Sarma,  Debajit and Bhuyan,  M. K.},
    year = {2021},
    month = aug
}

@article{Murad2019,
    title = {Revolution or Evolution? Speech Interaction and HCI Design Guidelines},
    volume = {18},
    ISSN = {1558-2590},
    url = {http://dx.doi.org/10.1109/MPRV.2019.2906991},
    DOI = {10.1109/mprv.2019.2906991},
    number = {2},
    journal = {IEEE Pervasive Computing},
    publisher = {Institute of Electrical and Electronics Engineers (IEEE)},
    author = {Murad,  Christine and Munteanu,  Cosmin and Cowan,  Benjamin R. and Clark,  Leigh},
    year = {2019},
    month = apr,
    pages = {33–45}
}

@misc{kapania2024imcategorizingllmproductivity,
    doi = {10.48550/ARXIV.2403.19876},
    url = {https://arxiv.org/abs/2403.19876},
    author = {Kapania, Shivani and Wang, Ruiyi and Li, Toby Jia-Jun and Li, Tianshi and Shen, Hong},
    keywords = {Human-Computer Interaction (cs.HC), FOS: Computer and information sciences, FOS: Computer and information sciences},
    title = {"I'm categorizing LLM as a productivity tool": Examining ethics of LLM use in HCI research practices},
    publisher = {arXiv},
    year = {2024},
}

@article{Pianini_2013,
    title={Chemical-oriented simulation of computational systems with ALCHEMIST},
    volume={7},
    ISSN={1747-7786},
    url={http://dx.doi.org/10.1057/jos.2012.27},
    DOI={10.1057/jos.2012.27},
    number={3},
    journal={Journal of Simulation},
    publisher={Informa UK Limited},
    author={Pianini, D and Montagna, S and Viroli, M},
    year={2013},
    month=aug,
    pages={202–215}
key = {value},}
% https://ieeexplore.ieee.org/abstract/document/5945273
